% Encoding: UTF-8

@book{RollsRoyce,
   author = {Rolls Royce Aerospace Group},
   title = {The Jet Engine},
   publisher = {Rolls-Royce plc},
   year = {2007},
   edition = {Fifth},
   isbn = {0902121235}
}

@misc{brochureleap,
   title = {Brochure LEAP fiches 2017},
   year = {2017},
   note = {Brochure document}
}

@misc{guerreiro,
   author = {António Carlos Dos Santos Guerreiro},
   title = {Development of a Process to Measure the Exit Flow Area of the Low Pressure Turbine Nozzle from the CFM56-5B Engine},
   year = {N/A},
   note = {Thesis or internal report}
}

@book{rendas2021fixture,
  author = {P. Rendas},
  title = {Fixture Design and Process Development for High Pressure Compressor Rotor Blades Measuring in Aircraft Engine Maintenance},
  year = {2021},
  pages = {1--45}
}

@misc{Farinha2021,
   author = {Edgar Engrácio Farinha and Mário José Almeida Santos},
   title = {Fixture Design and CMM Program Development for Measuring of High Pressure Compressor Rotor Blades},
   year = {2021},
   note = {Co-adviser: Mário Almeida Santos}
}

@online{boldmethod,
    author = {Colin Cutler},
    title = {How Does a Turbofan Engine Work?},
    year = {2022},
    month = {07},
    url = {https://www.boldmethod.com/learn-to-fly/aircraft-systems/how-does-a-jet-engine-turbofan-system-work-the-basic-steps/},
    urldate = {2022-07-28},
    note = {[Online; accessed 28-January-2025]},
    keywords  = {bypass, turbofan}
}

@online{aviacaocomercial,
    author = {Aviação Comercial},
    title = {Frota - TAP Air Portugal},
    year = {2024},
    month = {12},
    url = {https://www.aviacaocomercial.net/frotatap.htm},
    urldate = {2024-12-01},
    note = {[Online; accessed 30-January-2025]},
    keywords  = {TAP, fleet}
}

@online{inconel718,
    author = {Special Metals},
    title = {INCONEL 718 Alloy},
    url = {https://www.specialmetals.com/documents/technical-bulletins/inconel/inconel-alloy-718.pdf},
    urldate = {2025-02-06},
    note = {[Online; accessed 06-February-2025]},
    keywords  = {inconel, 718, metal}
}

@online{trentengine,
    author = {Michael Cervenka},
    title = {The Rolls-Royce Trent Engine},
    url = {https://www.phase-trans.msm.cam.ac.uk/mphil/Trent1/sld011.htm},
    urldate = {2025-02-07},
    note = {[Online; accessed 07-February-2025]},
    keywords  = {Rolls-Royce, Trent}
}

@book{ESM,
   author = {TAP Air Portugal},
   title = {Manual de Manutenção Oficinal LEAP1A - Hardware},
   year = {2020}
}

@article{Shi2023,
   author = {Lei Shi and Shuhan Guo and Peng Yu and Xueyang Zhang and Jie Xiong},
   title = {A Review on Leading-Edge Erosion Morphology and Performance Degradation of Aero-Engine Fan and Compressor Blades},
   journal = {Energies},
   volume = {16},
   issue = {7},
   year = {2023},
   month = {04},
   pages = {3068},
   doi = {10.3390/en16073068},
   issn = {1996-1073},
   publisher = {MDPI},
   keywords = {aero engines, aerodynamic deterioration, eroded morphology, erosion model, leading-edge erosion, optimization, shock wave, thrust}
}


@misc{Aainsqatsi2008,
   author = {K. Aainsqatsi},
   title = {Schematic Diagram of a 2-Spool, High-Bypass Turbofan Engine},
   year = {2008},
   month = {May},
   day = {6},
   url = {https://commons.wikimedia.org/wiki/File:Turbofan_operation.png},
   note = {[Online; accessed 13-February-2025]},
   keywords = {turbofan, high-bypass, engine, schematic}
}

@online{MTU_LEAP,
    author = {MTU Aero Engines},
    title = {LEAP-1A/-1B Commercial Aircraft Engines},
    year = {2025},
    url = {https://www.mtu.de/engines/commercial-aircraft-engines/narrowbody-and-regional-jets/leap-1a/-1b/},
    note = {[Online; accessed 13-February-2025]},
    keywords = {LEAP-1A, LEAP-1B, commercial aircraft engines}
}

@online{Leeham_HighTurbine,
    author = {Björn Fehrm},
    title = {Björn’s Corner: New engine development. Part 22: High turbine technologies},
    year = {2024},
    month = {August},
    day = {30},
    url = {https://leehamnews.com/2024/08/30/bjorns-corner-new-engine-development-part-22-high-turbine-technologies/},
    note = {[Online; accessed 13-February-2025]},
    keywords = {engine development, turbine technologies, aircraft engines}
}

@misc{trent1,
  author = {Trent1},
  title = {Axial Compressor and Turbine Operation},
  howpublished = {\url{https://www.phase-trans.msm.cam.ac.uk/mphil/Trent1/sld011.htm}},
  year = {n.d.},
  note = {Accessed: 2025-02-13}
}


@misc{renishaw2025,
  author = {Renishaw},
  title = {Renishaw: Enhancing Efficiency in Manufacturing and Healthcare},
  year = {2025},
  howpublished = {\url{https://www.renishaw.com/en/renishaw-enhancing-efficiency-in-manufacturing-and-healthcare--1030}},
  note = {Accessed: 2025-02-13}
}